02RETORNO01COBRANCA       00000000000004244564SUPERCARD DISTRIBUIDORA DE CAR237BRADESCO       0708090160000000001                                                                                                                                                                                                                                                                          100809         000001
1020954136100011000000060142900175005                         000000000600370717860000000000000000000000000606070809          00000000060037071786000000000000003602923703414  000000000000000000000000000000000000000000000000000000000000000000000000000000000000003602900000000000000000000000000   100809             00000000000000                                                                  000002
1020954136100011000000060142900175005                         0000000006003709784P0000000000000000000000000606070809          0000000006003709784P000000000000001564823700578  000000000000000000000000000000000000000000000000000000000000000000000000000000000000001564800000000000000000000000000   100809             00000000000000                                                                  000003
1020954136100011000000060142900175005                         000000000600371036880000000000000000000000000606070809          00000000060037103688000000000000000635323703288  000000000000000000000000000000000000000000000000000000000000000000000000000000000000000635300000000000000000000000000   100809             00000000000000                                                                  000004
1020954136100011000000060142900175005                         000000000600371064150000000000000000000000000606070809          00000000060037106415000000000000007267223700579  000000000000000000000000000000000000000000000000000000000000000000000000000000000000007267200000000000000000000000000   100809             00000000000000                                                                  000005
1020954136100011000000060142900175005                         000000000600371068220000000000000000000000000606070809          00000000060037106822000000000000010540823700579  000000000000000000000000000000000000000000000000000000000000000000000000000000000000010540800000000000000000000000000   100809             00000000000000                                                                  000006
1020954136100011000000060142900175005                         000000000600371101370000000000000000000000000606070809          00000000060037110137000000000000010815023700579  000000000000000000000000000000000000000000000000000000000000000000000000000000000000010815000000000000000000000000000   100809             00000000000000                                                                  000007
1020954136100011000000060142900175005                         000000000600371113460000000000000000000000000606070809          00000000060037111346000000000000033163834104318  000000000000000000000000000000000000000000000000000000000000000000000000000000000000033163800000000000000000000000000   100809             00000000000000                                                                  000008
1020954136100011000000060142900175005                         000000000600371148250000000000000000000000000606070809          00000000060037114825000000000000003240623700579  000000000000000000000000000000000000000000000000000000000000000000000000000000000000003240600000000000000000000000000   100809             00000000000000                                                                  000009
1020954136100011000000060142900175005                         0000000006003712443P0000000000000000000000000606070809          0000000006003712443P000000000000009292875603042  000000000000000000000000000000000000000000000000000000000000000000000000000000000000009292800000000000000000000000000   100809             00000000000000                                                                  000010
1020954136100011000000060142900175005                         000000000600371316220000000000000000000000000606070809          00000000060037131622000000000000002901210400954  000000000000000000000000000000000000000000000000000000000000000000000000000000000000002901200000000000000000000000000   100809             00000000000000                                                                  000011
1020954136100011000000060142900175005                         0000000006003713205P0000000000000000000000000606070809          0000000006003713205P000000000000005093223700579  000000000000000000000000000000000000000000000000000000000000000000000000000000000000005093200000000000000000000000000   100809             00000000000000                                                                  000012
1020954136100011000000060142900175005                         000000000600371356790000000000000000000000000606070809          00000000060037135679000000000000006946223700579  000000000000000000000000000000000000000000000000000000000000000000000000000000000000006946200000000000000000000000000   100809             00000000000000                                                                  000013
1020954136100011000000060142900175005                         0000000006003714824P0000000000000000000000000606070809          0000000006003714824P000000000000012187834104318  000000000000000000000000000000000000000000000000000000000000000000000000000000000000012187800000000000000000000000000   100809             00000000000000                                                                  000014
1020954136100011000000060142900175005                         000000000600371483550000000000000000000000000606070809          00000000060037148355000000000000015292834104318  000000000000000000000000000000000000000000000000000000000000000000000000000000000000015292800000000000000000000000000   100809             00000000000000                                                                  000015
1020954136100011000000060142900175005                         000000000600371484520000000000000000000000000606070809          00000000060037148452000000000000019272634104318  000000000000000000000000000000000000000000000000000000000000000000000000000000000000019272600000000000000000000000000   100809             00000000000000                                                                  000016
1020954136100011000000060142900175005                         0000000006003714886P0000000000000000000000000606070809          0000000006003714886P000000000000002478523701245  000000000000000000000000000000000000000000000000000000000000000000000000000000000000002478500000000000000000000000000   100809             00000000000000                                                                  000017
1020954136100011000000060142900175005                         000000000600371516230000000000000000000000000606070809          00000000060037151623000000000000001377510400954  000000000000000000000000000000000000000000000000000000000000000000000000000000000000001377500000000000000000000000000   100809             00000000000000                                                                  000018
1020954136100011000000060142900175005                         000000000600371560990000000000000000000000000606070809          00000000060037156099000000000000033949000103641  000000000000000000000000000000000000000000000000000000000000000000000000000000000000033949000000000000000000000000000   100809             00000000000000                                                                  000019
1020954136100011000000060142900175005                         000000000600371600450000000000000000000000000606070809          00000000060037160045000000000000025090200103675  000000000000000000000000000000000000000000000000000000000000000000000000000000000000025090200000000000000000000000000   100809             00000000000000                                                                  000020
1020954136100011000000060142900175005                         0000000006003716458P0000000000000000000000000606070809          0000000006003716458P000000000000018211539900520  000000000000000000000000000000000000000000000000000000000000000000000000000000000000018211500000000000000000000000000   100809             00000000000000                                                                  000021
1020954136100011000000060142900175005                         000000000600371658450000000000000000000000000606070809          00000000060037165845000000000000023579723701540  000000000000000000000000000000000000000000000000000000000000000000000000000000000000023579700000000000000000000000000   100809             00000000000000                                                                  000022
1020954136100011000000060142900175005                         000000000600371699560000000000000000000000000606070809          00000000060037169956000000000000013008023700253  000000000000000000000000000000000000000000000000000000000000000000000000000000000000013008000000000000000000000000000   100809             00000000000000                                                                  000023
1020954136100011000000060142900175005                         000000000600371700830000000000000000000000000606070809          00000000060037170083000000000000017793600100530  000000000000000000000000000000000000000000000000000000000000000000000000000000000000017793600000000000000000000000000   100809             00000000000000                                                                  000024
1020954136100011000000060142900175005                         000000000600371730900000000000000000000000000606070809          00000000060037173090000000000000006523800101705  000000000000000000000000000000000000000000000000000000000000000000000000000000000000006523800000000000000000000000000   100809             00000000000000                                                                  000025
9201237          000000240000000283828800000001          00000000000000000000002838288000240000028382880000000000000000000000000000000000000000000000000000000000000000000000000000000000000                                                                                                                                                                              00000000000000000000000         000026
